@article{energinet,
    title        = {Energinet: Prequalification and Test},
    url = {https://en.energinet.dk/electricity/ancillary-services/prequalification-and-test/},
    note         = {Accessed: 2023-11-24},
    year = {2023},
    journal = {Energinet}
}

@article{jiang2022also,
    title={ALSO-X and ALSO-X+: Better convex approximations for chance constrained programs},
    author={Jiang, Nan and Xie, Weijun},
    journal={Operations Research},
    volume={70},
    number={6},
    pages={3581--3600},
    year={2022},
    publisher={INFORMS}
}

@article{ordoudis2021energy,
    title={Energy and reserve dispatch with distributionally robust joint chance constraints},
    author={Ordoudis, Christos and Nguyen, Viet Anh and Kuhn, Daniel and Pinson, Pierre},
    journal={Operations Research Letters},
    volume={49},
    number={3},
    pages={291--299},
    year={2021},
    publisher={Elsevier}
}

@article{jiang2023also,
    title={ALSO-X\#: Better Convex Approximations for Distributionally Robust Chance Constrained Programs},
    author={Jiang, Nan and Xie, Weijun},
    journal={arXiv preprint arXiv:2302.01737},
    year={2023}
}

@article{chen2022data,
    title={Data-driven chance constrained programs over Wasserstein balls},
    author={Chen, Zhi and Kuhn, Daniel and Wiesemann, Wolfram},
    journal={Operations Research},
    year={2022},
    publisher={INFORMS}
}

@article{jiang2022also,
    title={ALSO-X and ALSO-X+: Better convex approximations for chance constrained programs},
    author={Jiang, Nan and Xie, Weijun},
    journal={Operations Research},
    volume={70},
    number={6},
    pages={3581--3600},
    year={2022},
    publisher={INFORMS}
}

@article{porras2023integrating,
    title={Integrating Automatic and Manual Reserves in Optimal Power Flow via Chance Constraints},
    author={Porras, {\'A}lvaro and Roald, Line and Morales, Juan Miguel and Pineda, Salvador},
    journal={arXiv preprint arXiv:2303.05412},
    year={2023}
}
